<record><leader>00000cas a22000007a 4500</leader><controlfield tag="001">14051963</controlfield><controlfield tag="008">860806d191819uutxudn ne      0    0eng d</controlfield><datafield ind1=" " ind2=" " tag="010"><subfield code="a">sn 86088159 </subfield></datafield><datafield ind1=" " ind2=" " tag="040"><subfield code="a">PPM</subfield><subfield code="b">eng</subfield><subfield code="c">PPM</subfield><subfield code="d">OCLCQ</subfield></datafield><datafield ind1=" " ind2=" " tag="042"><subfield code="a">msc</subfield></datafield><datafield ind1="0" ind2="0" tag="245"><subfield code="a">Abilene morning reporter.</subfield></datafield><datafield ind1=" " ind2=" " tag="260"><subfield code="a">Abilene, Tex. :</subfield><subfield code="b">Abilene Print. Co.</subfield></datafield><datafield ind1=" " ind2=" " tag="300"><subfield code="a">v. :</subfield><subfield code="b">ill.</subfield></datafield><datafield ind1=" " ind2=" " tag="310"><subfield code="a">Daily</subfield></datafield><datafield ind1=" " ind2=" " tag="588"><subfield code="a">Description based on: Vol. 21, no. 110 (July 26, 1918).</subfield></datafield><datafield ind1=" " ind2=" " tag="752"><subfield code="a">United States</subfield><subfield code="b">Texas</subfield><subfield code="c">Taylor</subfield><subfield code="d">Abilene.</subfield></datafield><datafield ind1="0" ind2=" " tag="775"><subfield code="t">Abilene daily reporter (Abilene, Tex. : 1897)</subfield><subfield code="w">(DLC)sn 86088321</subfield></datafield><datafield ind1="0" ind2=" " tag="775"><subfield code="t">Abilene weekly reporter</subfield><subfield code="w">(DLC)sn 87090662</subfield></datafield></record>